<record><leader>00000cas a2200000 a 4500</leader><controlfield tag="001">33141129</controlfield><controlfield tag="007">hd bfu---baat</controlfield><controlfield tag="007">hd afu---bact</controlfield><controlfield tag="008">950915d19171948nbuwr nea     0    0eng d</controlfield><datafield ind1=" " ind2=" " tag="010"><subfield code="a">sn 95070484 </subfield></datafield><datafield ind1=" " ind2=" " tag="040"><subfield code="a">NVG</subfield><subfield code="b">eng</subfield><subfield code="c">NVG</subfield><subfield code="d">OCL</subfield><subfield code="d">OCLCQ</subfield><subfield code="d">OCLCF</subfield><subfield code="d">OCLCO</subfield><subfield code="d">OCLCQ</subfield></datafield><datafield ind1=" " ind2=" " tag="042"><subfield code="a">msc</subfield></datafield><datafield ind1=" " ind2=" " tag="043"><subfield code="a">n-us-nb</subfield></datafield><datafield ind1="0" ind2="4" tag="245"><subfield code="a">The Chambers sun.</subfield></datafield><datafield ind1=" " ind2=" " tag="260"><subfield code="a">Chambers, Neb. :</subfield><subfield code="b">A.D. Scott,</subfield><subfield code="c">1917-1948.</subfield></datafield><datafield ind1=" " ind2=" " tag="300"><subfield code="a">33 volumes</subfield></datafield><datafield ind1=" " ind2=" " tag="310"><subfield code="a">Weekly</subfield></datafield><datafield ind1=" " ind2=" " tag="336"><subfield code="a">text</subfield><subfield code="b">txt</subfield><subfield code="2">rdacontent</subfield></datafield><datafield ind1=" " ind2=" " tag="337"><subfield code="a">microform</subfield><subfield code="b">h</subfield><subfield code="2">rdamedia</subfield></datafield><datafield ind1=" " ind2=" " tag="338"><subfield code="a">microfilm reel</subfield><subfield code="b">hd</subfield><subfield code="2">rdacarrier</subfield></datafield><datafield ind1="0" ind2=" " tag="362"><subfield code="a">Vol. 28, no. 40 (Sept. 6, 1917)-v. 60, no. 35 (Sept. 30, 1948).</subfield></datafield><datafield ind1=" " ind2=" " tag="515"><subfield code="a">Suspended following v. 58, no. 13 (Dec. 30, 1943); resumed with v. 58, no. 14 (May 23, 1946).</subfield></datafield><datafield ind1=" " ind2=" " tag="533"><subfield code="a">Microfilm.</subfield><subfield code="m">1917-1948:[Gaps]</subfield><subfield code="b">[Lincoln, Neb. :</subfield><subfield code="c">Nebraska State Historical Society].</subfield><subfield code="e">6 microfilm reels ; 35 mm.</subfield></datafield><datafield ind1=" " ind2="0" tag="651"><subfield code="a">Chambers (Neb.)</subfield><subfield code="v">Newspapers.</subfield></datafield><datafield ind1=" " ind2="0" tag="651"><subfield code="a">Holt County (Neb.)</subfield><subfield code="v">Newspapers.</subfield></datafield><datafield ind1=" " ind2="7" tag="651"><subfield code="a">Nebraska</subfield><subfield code="z">Chambers.</subfield><subfield code="2">fast</subfield><subfield code="0">(OCoLC)fst01275011</subfield></datafield><datafield ind1=" " ind2="7" tag="651"><subfield code="a">Nebraska</subfield><subfield code="z">Holt County.</subfield><subfield code="2">fast</subfield><subfield code="0">(OCoLC)fst01211913</subfield></datafield><datafield ind1=" " ind2="7" tag="655"><subfield code="a">Newspapers.</subfield><subfield code="2">fast</subfield><subfield code="0">(OCoLC)fst01423814</subfield></datafield><datafield ind1=" " ind2=" " tag="752"><subfield code="a">United States</subfield><subfield code="b">Nebraska</subfield><subfield code="c">Holt</subfield><subfield code="d">Chambers.</subfield></datafield><datafield ind1="0" ind2="0" tag="780"><subfield code="t">Chambers bugle</subfield><subfield code="w">(DLC)sn 95070483</subfield></datafield><datafield ind1="0" ind2="4" tag="785"><subfield code="t">Holt County independent (O'Neill, Neb. : 1897)</subfield><subfield code="w">(DLC)sn 95069827</subfield></datafield><datafield ind1="1" ind2=" " tag="029"><subfield code="a">AU@</subfield><subfield code="b">000011994371</subfield></datafield></record>